@misc{LearnLatex,
  title = {{Overleaf - Learn Latex}},
  author = {Overleaf},
  year = {2021},
  howpublished = {\url{https://de.overleaf.com/learn/latex/}},
  note = {zul. abgerufen: 1.2.2003}
}

@misc{AtmelDatasheet,
  title = {{Atmel Datasheet complete ATMEGA328/P}},
  author = {{Atmel Corporation}},
  year = {2016},
  howpublished = {\url{https://www.e-lab.de/downloads/DOCs/mega328P.pdf}},
  note = {Seite 365, Tabelle 32.1, zul. abgerufen: 17.05.2022}
}

@misc{Kingbright,
  title = {{Kingbright DC7G3HWA}},
  author = {{Kingbright Electronic Co., Ltd}},
  year = {2020},
  howpublished = {\url{https://www.kingbrightusa.com/images/catalog/SPEC/DC7G3HWA.pdf}},
  note = {Seite 2 unten, zul. abgerufen: 17.05.2022}
}

@misc{SchaltbilderS,
  author = {{Sören Helms}},
  note = {Schaltbilder zur Verfügung gestellt}
}